<record><leader>00000cas a22000007a 4500</leader><controlfield tag="001">9381387</controlfield><controlfield tag="008">830406d18241824nyuwr ne      0    0eng d</controlfield><controlfield tag="009">3781</controlfield><datafield ind1=" " ind2=" " tag="010"><subfield code="a">sn 83030244 </subfield></datafield><datafield ind1=" " ind2=" " tag="040"><subfield code="a">NPU</subfield><subfield code="b">eng</subfield><subfield code="c">NPU</subfield><subfield code="d">NPX</subfield><subfield code="d">OCL</subfield><subfield code="d">NPX</subfield><subfield code="d">OCLCQ</subfield></datafield><datafield ind1=" " ind2=" " tag="019"><subfield code="a">10332955</subfield></datafield><datafield ind1=" " ind2=" " tag="042"><subfield code="a">msc</subfield></datafield><datafield ind1="0" ind2="4" tag="245"><subfield code="a">The Globe or Weekly journal of politics, literature, arts and sciences.</subfield></datafield><datafield ind1="3" ind2="0" tag="246"><subfield code="a">Weekly journal of politics, literature, arts and sciences</subfield></datafield><datafield ind1=" " ind2=" " tag="260"><subfield code="a">New York [N.Y. :</subfield><subfield code="b">E. Milford],</subfield><subfield code="c">1824.</subfield></datafield><datafield ind1=" " ind2=" " tag="300"><subfield code="a">18 no. ;</subfield><subfield code="c">36 cm.</subfield></datafield><datafield ind1=" " ind2=" " tag="310"><subfield code="a">Weekly</subfield></datafield><datafield ind1="0" ind2=" " tag="362"><subfield code="a">Vol. 1, no. 1 (Aug. 21, 1824)-v. 1, no. 18 (Dec. 18, 1824).</subfield></datafield><datafield ind1=" " ind2=" " tag="500"><subfield code="a">Publisher's name recorded in Aug. 28, 1824 issue.</subfield></datafield><datafield ind1=" " ind2=" " tag="500"><subfield code="a">Published simultaneously at Philadelphia, Pa. by John Mortimer.</subfield></datafield><datafield ind1=" " ind2=" " tag="752"><subfield code="a">United States</subfield><subfield code="b">New York</subfield><subfield code="c">New York</subfield><subfield code="d">New York.</subfield></datafield><datafield ind1=" " ind2=" " tag="752"><subfield code="a">United States</subfield><subfield code="b">Pennsylvania</subfield><subfield code="c">Philadelphia</subfield><subfield code="d">Philadelphia.</subfield></datafield><datafield ind1="0" ind2="7" tag="785"><subfield code="t">Emerald: or, Saturday's New-York journal of literature, politics &amp; the arts</subfield><subfield code="w">(DLC)sn 83030245</subfield></datafield><datafield ind1="0" ind2="7" tag="785"><subfield code="t">Globe &amp; emerald or Saturday's journal of literature, politics, and the arts</subfield><subfield code="w">(DLC)sn 83030243</subfield></datafield></record>